@misc{centercrop,
  title = "{CenterCrop - Torchvision 0.13 documentation}",
  howpublished = {\url{https://pytorch.org/vision/stable/generated/torchvision.transforms.CenterCrop.html}},
  note = {Accessed: 2022-10-25}
}

@misc{randomrotation,
  title = "{RandomRotation - Torchvision 0.13 documentation}",
  howpublished = {\url{https://pytorch.org/vision/stable/generated/torchvision.transforms.RandomRotation.html}},
  note = {Accessed: 2022-10-25}
}

@misc{randomresizedcrop,
  title = "{RandomResizedCrop - Torchvision 0.13 documentation}",
  howpublished = {\url{https://pytorch.org/vision/main/generated/torchvision.transforms.RandomResizedCrop.html}},
  note = {Accessed: 2022-10-25}
}

@misc{randomhorizontalflip,
  title = "{RandomHorizontalFlip - Torchvision 0.13 documentation}",
  howpublished = {\url{https://pytorch.org/vision/stable/generated/torchvision.transforms.RandomHorizontalFlip.html}},
  note = {Accessed: 2022-10-25}
}

@misc{resize,
  title = "{Resize - Torchvision 0.13 documentation}",
  howpublished = {\url{https://pytorch.org/vision/stable/generated/torchvision.transforms.Resize.html}},
  note = {Accessed: 2022-10-25}
}


@misc{somewebsite,
  title="{Skin cancer classification with transfer learning in Pytorch}", 
  howpublished={\url{https://ngoc-pham.medium.com/skin-cancer-classification-with-transfer-learning-in-pytorch-389254e39ac1}}, 
  note = {Accessed: 2022-10-25},
  author={Pham, Ngoc} 
}  
  
@misc{ctu,
  title="{FEE CTU Prague - GPU servers}", 
  howpublished={\url{https://cyber.felk.cvut.cz/cs/study/gpu-servers/}}, 
  note = {Accessed: 2022-10-25},
}  

@misc{wiki,
  title="{Incidence and malignancy of pigmented skin lesions}", 
  author = {Mikael Häggström, M.D.},
  howpublished={\url{https://commons.wikimedia.org/wiki/File:Pie_chart_of_incidence_and_malignancy_of_pigmented_skin_lesions.png}}, 
  note = {Accessed: 2022-10-25},
} 
  
